@Inbook{Song2009,
  author="Song, Il-Yeol
  and Chen, Peter P.",
  editor="LIU, LING
  and {\"O}ZSU, M. TAMER",
  title="Entity Relationship Model",
  bookTitle="Encyclopedia of Database Systems",
  year="2009",
  publisher="Springer US",
  address="Boston, MA",
  pages="1003--1009",
  isbn="978-0-387-39940-9",
  doi="10.1007/978-0-387-39940-9_148",
  url="https://doi.org/10.1007/978-0-387-39940-9_148"
}


@online{meseth_rdm_slides,
  author = "Meseth, Nicolas",
  title = "Information Management: Relational Databases",
  year = "2022",
  url = "https://docs.google.com/presentation/d/1JNgNrq583kt7wF1Mew6JCw7_huIFltguWsoq3L-ppKQ/preview",
  organization = "University of Applied Sciences Osnabrück"
}

@online{meseth_joins_slides,
  author = "Meseth, Nicolas",
  title = "Advanced SQL: Joins",
  year = "2022",
  url = "https://docs.google.com/presentation/d/1ISi6MnYVgjzcjJMmCu5d1vv-CdgyBLCCXZCWM7GbSj4/preview",
  organization = "University of Applied Sciences Osnabrück"
}

@online{meseth_manage_tables_slides,
  author = "Meseth, Nicolas",
  title = "Manage Tables with SQL",
  year = "2022",
  url = "https://docs.google.com/presentation/d/1Ze-mszwSnqrJOwPQdmh2XchZ0JltoNgADmTrseqnqhY/preview",
  organization = "University of Applied Sciences Osnabrück"
}


