@book{brookshear_computer_2020,
	address = {NY, NY},
	edition = {13th edition, global edition},
	title = {Computer science: an overview},
	isbn = {9781292263427},
	shorttitle = {Computer science},
	language = {eng},
	publisher = {Pearson},
	author = {Brookshear, J. Glenn and Brylow, Dennis},
	year = {2020},
},

@book{scott_but_2009,
	address = {Oldsmar, FL},
	title = {But how do it know?: the basic principles of computers for everyone},
	isbn = {9780615303765},
	shorttitle = {But how do it know?},
	language = {English},
	publisher = {John C. Scott},
	author = {Scott, John C},
	year = {2009},
	note = {OCLC: 906087198},
},


@book{petzold_code_2022,
	address = {Hoboken},
	edition = {2},
	title = {Code: the hidden language of computer hardware and software},
	isbn = {9780137909100},
	shorttitle = {Code},
	publisher = {Microsoft Press},
	author = {Petzold, Charles},
	year = {2022},
}
